@inproceedings{cite:chaum,
  author    = {David Chaum and
                 Hans Van Antwerpen},
  title     = {{Undeniable Signatures}},
  booktitle = {CRYPTO},
  year      = {1989},
  pages     = {212-216},
  ee        = {http://dx.doi.org/10.1007/0-387-34805-0_20},
  crossref  = {DBLP:conf/crypto/1989},
  bibsource = {DBLP, http://dblp.uni-trier.de}
}

@proceedings{DBLP:conf/crypto/1989,
  editor    = {Gilles Brassard},
  title     = {Advances in Cryptology - CRYPTO '89, 9th Annual International
                     Cryptology Conference, Santa Barbara, California, USA, August
                                        20-24, 1989, Proceedings},
  booktitle = {CRYPTO},
  publisher = {Springer},
  series    = {Lecture Notes in Computer Science},
          volume    = {435},
            year      = {1990},
              isbn      = {3-540-97317-6},
                bibsource = {DBLP, http://dblp.uni-trier.de}
}

@inproceedings{cite:2-move,
  author    = {Jean Monnerat and
                 Serge Vaudenay},
  title     = {{Short 2-Move Undeniable Signatures}},
  booktitle = {VIETCRYPT},
  year      = {2006},
  pages     = {19-36},
  ee        = {http://dx.doi.org/10.1007/11958239_2},
  crossref  = {DBLP:conf/vietcrypt/2006},
  bibsource = {DBLP, http://dblp.uni-trier.de}
}

@proceedings{DBLP:conf/vietcrypt/2006,
  editor    = {Phong Q. Nguyen},
  title     = {Progressin Cryptology - VIETCRYPT 2006, First International
                 Conferenceon Cryptology in Vietnam, Hanoi, Vietnam, September
                 25-28, 2006, Revised Selected Papers},
  booktitle = {VIETCRYPT},
  publisher = {Springer},
  series    = {Lecture Notes in Computer Science},
  volume    = {4341},
  year      = {2006},
  isbn      = {3-540-68799-8},
  bibsource = {DBLP, http://dblp.uni-trier.de}
}

@article{cite:mova-crypto-journal,
  author    = {Jean Monnerat and
                 Serge Vaudenay},
  title     = {{Short Undeniable Signatures Based on Group Homomorphisms}},
  journal   = {J. Cryptology},
  volume    = {24},
  number    = {3},
  year      = {2011},
  pages     = {545-587},
  ee        = {http://dx.doi.org/10.1007/s00145-010-9070-1},
  bibsource = {DBLP, http://dblp.uni-trier.de}
}

@inproceedings{cite:opti-mova,
  author    = {Jean Monnerat and
                 Yvonne Anne Oswald and
                 Serge Vaudenay},
  title     = {{Optimization of the MOVA Undeniable Signature Scheme}},
  booktitle = {Mycrypt},
  year      = {2005},
  pages     = {196-209},
  ee        = {http://dx.doi.org/10.1007/11554868_14},
  crossref  = {DBLP:conf/mycrypt/2005},
  bibsource = {DBLP, http://dblp.uni-trier.de}
}

@proceedings{DBLP:conf/mycrypt/2005,
  editor    = {Ed Dawson and
                 Serge Vaudenay},
  title     = {Progress in Cryptology - Mycrypt 2005, First International
                 Conference on Cryptology in Malaysia, Kuala Lumpur, Malaysia,
                 September 28-30, 2005, Proceedings},
  booktitle = {Mycrypt},
  publisher = {Springer},
  series    = {Lecture Notes in Computer Science},
  volume    = {3715},
  year      = {2005},
  isbn      = {3-540-28938-0},
  bibsource = {DBLP, http://dblp.uni-trier.de}
}

@inproceedings{cite:generic-mova,
  author    = {Jean Monnerat and
                 Serge Vaudenay},
  title     = {{Generic Homomorphic Undeniable Signatures}},
  booktitle = {ASIACRYPT},
  year      = {2004},
  pages     = {354-371},
  ee        = {http://dx.doi.org/10.1007/978-3-540-30539-2_25},
  crossref  = {DBLP:conf/asiacrypt/2004},
  bibsource = {DBLP, http://dblp.uni-trier.de}
}

@proceedings{DBLP:conf/asiacrypt/2004,
  editor    = {Pil Joong Lee},
  title     = {Advances in Cryptology - ASIACRYPT 2004, 10th International
                 Conference on the Theory and Application of Cryptology and
                 Information Security, Jeju Island, Korea, December 5-9,
                 2004, Proceedings},
  booktitle = {ASIACRYPT},
  publisher = {Springer},
  series    = {Lecture Notes in Computer Science},
  volume    = {3329},
  year      = {2004},
  isbn      = {3-540-23975-8},
  bibsource = {DBLP, http://dblp.uni-trier.de}
}

@phdthesis{cite:thesis-monnerat,
  author = {Jean Monnerat},
  title = {{Short undeniable signatures: design, analysis, and applications}},
  school = {EPFL},
  year = {2006},
}

@misc{cite:android,
  title = {Android Developers},
  note = {\url{http://developer.android.com}},
  year = {2012}
}

@misc{cite:java,
  author = {Oracle},
  title = {Java doc},
  note = {\url{http://docs.oracle.com/javase/6/docs/}},
  year = {2011}
}

@misc{cite:sql,
  author = {Oracle},
  title = {MySQL},
  note = {\url{http://www.mysql.com/}},
  year = {2012}
}

@misc{cite:gnu-crypto,
  author = {Paulo Barretto and
            Keith Burdis and
            Edward Kmett and
            Olivier Louchart-Fletcher and
            Casey Marshall and
            Raif Naffah and
            Mark Wielaard and
            Thomas Wu},
  title = {The GNU Crypto Project},
  note = {\url{http://www.gnu.org/software/gnu-crypto/}},
  year = {}
}

@article{nist:sha, 
    title={Secure Hash Standard (SHS)}, 
    volume={FIPS PUB 1}, 
    url={http://csrc.nist.gov/publications/fips/fips180-3/fips180-3_final.pdf}, 
    number={October}, 
    journal={Processing}, 
    publisher={National Institute of Standards and Technology, 
        Information Technology Laboratory, Gaithersburg, MD 20899-8900}, 
    author={Standards, Processing}, 
    year={2008}
}

@misc{eclipse,
    title={Eclipse},
    author={},
    note={\url{http://www.eclipse.org/}},
    year={2012}
}
}
