@techreport{ p,
author    = {Ehsan Kazemi},
title     = {Primeless Cryptography},
institution = {EPFL},
type     = {Semester Project},
year      = {2011},
month    = {January}
}

@techreport{ oswald,
author    = {Yvonne Anne Oswald},
title     = {Generic Homomorphic Undeniable Signature Scheme: Optimizations},
institution = {EPFL},
type     = {Semester Project},
year      = {2005},
month    = {February}
}

@article{,
author = {K. Ireland and M. Rosen},
title = {A Classical Introduction to Modern Number Theory},
year = {1990},
masid = {2066434}
}

@book{cohen,
author = {Cohen, Henri},
title = {A course in computational algebraic number theory},
year = {1993},
isbn = {0-387-55640-0},
publisher = {Springer-Verlag New York, Inc.},
address = {New York, USA}
}
@inproceedings{mova,
author    = {Jean Monnerat and Serge Vaudenay},
title     = {Undeniable Signatures Based on Characters: How to Sign with One Bit},
booktitle = {Public Key Cryptography},
year      = {2004},
pages     = {69-85},
ee        = {http://dx.doi.org/10.1007/978-3-540-24632-9_6},
crossref  = {DBLP:conf/pkc/2004},
bibsource = {DBLP, http://dblp.uni-trier.de}
}

@phdthesis{thesis,
author = {Jean Monnerat},
title = {Short undeniable signatures:Design, Analysis, and Applications},
year = {2006},
school = {\'{E}cole Polytechnique F\'{e}d\'{e}rale de Lausanne}
} 

@artcile{fact,
author = {Donald E. Knuth and Luis Trabb Pardo}, 
title = {Analysis of a simple factorization algorithm},
year = {1976},
journal = {Theoretical Computer Science},
pages = {321â€“348},
volume = {3(3)}

}

@article{,
  author    = {Daniele Micciancio},
  title     = {Generalized Compact Knapsacks, Cyclic Lattices, and Efficient
               One-Way Functions},
  journal   = {Computational Complexity},
  volume    = {16},
  number    = {4},
  year      = {2007},
  pages     = {365-411},
  ee        = {http://dx.doi.org/10.1007/s00037-007-0234-9},
  bibsource = {DBLP, http://dblp.uni-trier.de}
}

